@article{Test2014,
author = {Other, A. N.},
journal = {Another Journal},
number = {1},
pages = {1--2},
volume ={1},
year = {2014}
}

@article{Test2014b,
author = {Other, A. N.},
journal = {Yet Another Journal},
number = {1},
pages = {3--4},
volume ={2},
year = {2014}
}

@INPROCEEDINGS{8629859,
  author={Withanage, Pooja and Liyanage, Tharaka and Deeyakaduwe, Naditha and Dias, Eshan and Thelijjagoda, Samantha},
  booktitle={2018 IEEE Region 10 Humanitarian Technology Conference (R10-HTC)}, 
  title={Road Navigation System Using Automatic Speech Recognition (ASR) And Natural Language Processing (NLP)}, 
  year={2018},
  volume={},
  number={},
  pages={1-6},
  doi={10.1109/R10-HTC.2018.8629859}}

  @INPROCEEDINGS{7995777,
  author={Zheng, Yang and Liu, Yongkang and Hansen, John H.L.},
  booktitle={2017 IEEE Intelligent Vehicles Symposium (IV)}, 
  title={Navigation-orientated natural spoken language understanding for intelligent vehicle dialogue}, 
  year={2017},
  volume={},
  number={},
  pages={559-564},
  doi={10.1109/IVS.2017.7995777}}

